@phdthesis{tang2016interactive,
  title={An Interactive and Iterative Knowledge Extraction Process Using Formal Concept Analysis},
  author={Tang, My Thao},
  year={2016},
  school={Universit{\'e} de Lorraine}
}

@COMMENT --------------------------------------------------------------------------------------
@COMMENT --------------------------------------------------------------------------------------
@COMMENT -----  DOMAINE D'ETUDE ----- ENSEIGNEMENT ET RECHERCHE
@COMMENT --------------------------------------------------------------------------------------
@COMMENT --------------------------------------------------------------------------------------

@article{de2020quoi,
  title={{\`A} quoi servent les recherches en {\'e}ducation?. Introduction},
  author={De Ketele, Jean-Marie},
  journal={Revue internationale d’{\'e}ducation de S{\`e}vres},
  number={85},
  pages={51--64},
  year={2020},
  publisher={Centre international d’{\'e}tudes p{\'e}dagogiques (CIEP)}
}

@article{dulbecco2019experimentation,
  title={De l’exp{\'e}rimentation des innovations p{\'e}dagogiques num{\'e}riques {\`a} leur g{\'e}n{\'e}ralisation en France},
  author={Dulbecco, Philippe},
  journal={Revue internationale d’{\'e}ducation de S{\`e}vres},
  volume={80},
  pages={103--114},
  year={2019},
  publisher={Centre international d’{\'e}tudes p{\'e}dagogiques (CIEP)}
}

@article{dulbecco2018innovations,
  title={Les innovations p{\'e}dagogiques num{\'e}riques et la transformation des {\'e}tablissements d’enseignement sup{\'e}rieur},
  author={Dulbecco, P and Beer, MC and Delpech de Saint-Guilhem, J and Dubourg-Lavroff, S and Pimmel, E},
  journal={Les rapports de l’IGAENR},
  volume={49},
  pages={2018},
  year={2018},
  url={https://www.education.gouv.fr/les-innovations-pedagogiques-numeriques-et-la-transformation-des-etablissements-d-enseignement-41150}
}

@book{pereira:hal-01954843,
  TITLE = {{Paulo Freire -- P{\'e}dagogue des opprim{\'e}-e-s}},
  AUTHOR = {Pereira, Ir{\`e}ne},
  URL = {https://hal.archives-ouvertes.fr/hal-01954843},
  PUBLISHER = {{Libertalia}},
  PAGES = {170},
  YEAR = {2018},
  HAL_ID = {hal-01954843},
  HAL_VERSION = {v1},
}

@book{harnish2012greatest,
  title={The greatest business decisions of all time: How Apple, Ford, IBM, Zappos, and others made radical choices that changed the course of business},
  author={Harnish, Verne and Collins, Jim},
  year={2012},
  publisher={Fortune Books}
}

@COMMENT --------------------------------------------------------------------------------------
@COMMENT --------------------------------------------------------------------------------------
@COMMENT -----  ??? -----
@COMMENT --------------------------------------------------------------------------------------
@COMMENT --------------------------------------------------------------------------------------


@article{schoknecht2017similarity,
  title={Similarity of Business Process Models—A State-of-the-Art Analysis},
  author={Schoknecht, Andreas and Thaler, Tom and Fettke, Peter and Oberweis, Andreas and Laue, Ralf},
  journal={ACM Computing Surveys (CSUR)},
  volume={50},
  number={4},
  pages={52},
  year={2017},
  publisher={ACM}
}

@article{antunes2015process,
  title={The process model matching contest 2015},
  author={Antunes, Goncalo and Bakhshandeh, Marzieh and Borbinha, Jose and Cardoso, Joao and Dadashnia, Sharam and Francescomarino, Chiara Di and Dragoni, Mauro and Fettke, Peter and Gal, Avigdor and Ghidini, Chiara and others},
  journal={Enterprise modelling and information systems architectures},
  year={2015},
  publisher={Gesellschaft f{\"u}r Informatik eV}
}

@inproceedings{cayoglu2013report,
  title={Report: The process model matching contest 2013},
  author={Cayoglu, Ugur and Dijkman, Remco and Dumas, Marlon and Fettke, Peter and Garc{\'\i}a-Ba{\~n}uelos, Luciano and Hake, Philip and Klinkm{\"u}ller, Christopher and Leopold, Henrik and Ludwig, Andr{\'e} and Loos, Peter and others},
  booktitle={International Conference on Business Process Management},
  pages={442--463},
  year={2013},
  organization={Springer}
}

@inproceedings{ehrig2007measuring,
  title={Measuring similarity between semantic business process models},
  author={Ehrig, Marc and Koschmider, Agnes and Oberweis, Andreas},
  booktitle={Proceedings of the fourth Asia-Pacific conference on Comceptual modelling-Volume 67},
  pages={71--80},
  year={2007},
  organization={Australian Computer Society, Inc.}
}

@incollection{van2013measuring,
  title={Measuring similarity between business process models},
  author={Van Dongen, Boudewijn and Dijkman, Remco and Mendling, Jan},
  booktitle={Seminal Contributions to Information Systems Engineering},
  pages={405--419},
  year={2013},
  publisher={Springer}
}

@inproceedings{boissier2019challenges,
  title={Challenges in Knowledge Intensive Process Management},
  author={Boissier, Fabrice and Rychkova, Irina and Le Grand, B{\'e}n{\'e}dicte},
  booktitle={2019 IEEE 23rd International Enterprise Distributed Object Computing Workshop (EDOCW)},
  pages={65--74},
  year={2019},
  organization={IEEE}
}

@inproceedings{boissier2017supporting,
  title={Supporting modelers with model qualities and patterns},
  author={Boissier, Fabrice},
  booktitle={Research Challenges in Information Science (RCIS), 2017 11th International Conference on},
  pages={440--445},
  year={2017},
  organization={IEEE}
}

@article{rosemann2006potential,
  title={Potential pitfalls of process modeling: part A},
  author={Rosemann, Michael},
  journal={Business Process Management Journal},
  volume={12},
  number={2},
  pages={249--254},
  year={2006},
  publisher={Emerald Group Publishing Limited}
}

@COMMENT --------------------------------------------------------------------------------------
@COMMENT --------------------------------------------------------------------------------------
@COMMENT -----  BPM DE BASE -----
@COMMENT --------------------------------------------------------------------------------------
@COMMENT --------------------------------------------------------------------------------------

@book{dumas2013fundamentals,
  title={Fundamentals of business process management},
  author={Dumas, Marlon and La Rosa, Marcello and Mendling, Jan and Reijers, Hajo A and others},
  volume={1},
  year={2013},
  publisher={Springer}
}

@book{weske2007business,
  author    = {Mathias Weske},
  title     = {Business Process Management: Concepts, Languages, Architectures},
  publisher = {Springer},
  year      = {2007}
}

@book{von2014complete,
  title={The Complete Business Process Handbook: Body of Knowledge from Process Modeling to BPM},
  author={Von Rosing, Mark and Von Scheel, Henrik and Scheer, August-Wilhelm},
  volume={1},
  year={2014},
  publisher={Morgan Kaufmann},
  pages={1--10},
  note = {"Phase 1: Process Concept Evolution"}
}

@COMMENT --------------------------------------------------------------------------------------
@COMMENT --------------------------------------------------------------------------------------
@COMMENT -----  DEFINITIONS DES KIP -----
@COMMENT -----  (Riss 2005, ...)  -----
@COMMENT --------------------------------------------------------------------------------------
@COMMENT --------------------------------------------------------------------------------------

@inproceedings{ter2012knowledge,
  title={Knowledge-intensive Business Processes},
  booktitle={Proceedings of the 1st International Workshop on Knowledge-intensive Business Processes (KiBP 2012)},
  author={ter Hofstede, Arthur HM and Mecella, Massimo and Sardina, Sebastian and Marrella, Andrea},
  year={2012}
}

@inproceedings{van2003weakly,
  title={Weakly-structured workflows for knowledge-intensive tasks: An experimental evaluation},
  author={Van Elst, Ludger and Aschoff, F-R and Bernardi, Ansgar and Schwarz, S},
  booktitle={Enabling Technologies: Infrastructure for Collaborative Enterprises, 2003. WET ICE 2003. Proceedings. Twelfth IEEE International Workshops on},
  pages={340--345},
  year={2003},
  organization={IEEE}
}

@article{riss2005challenges,
  title={Challenges for business process and task management},
  author={Riss, Uwe V and Rickayzen, Alan and Maus, Heiko and van der Aalst, Wil MP},
  journal={Journal of Universal Knowledge Management},
  volume={2},
  pages={77--100},
  year={2005}
}

@article{icsik2013practices,
  title={Practices of knowledge intensive process management: quantitative insights},
  author={I{\c{s}}ik, {\"O}yk{\"u} and Mertens, Willem and Van den Bergh, Joachim},
  journal={Business Process Management Journal},
  volume={19},
  number={3},
  pages={515--534},
  year={2013},
  publisher={Emerald Group Publishing Limited}
}

@article{manfreda2015knowledge,
  title={Knowledge-intensive process management: a case study from the public sector},
  author={Manfreda, Anton and Buh, Brina and Indihar {\v{S}}temberger, Mojca},
  journal={Baltic Journal of Management},
  volume={10},
  number={4},
  pages={456--477},
  year={2015},
  publisher={Emerald Group Publishing Limited}
}

@book{davenport2005thinking,
  title={Thinking for a living: how to get better performances and results from knowledge workers},
  author={Davenport, Thomas H},
  year={2005},
  publisher={Harvard Business Press}
}

@article{heisig2016knowledge,
  title={Knowledge management and business performance: global experts’ views on future research needs},
  author={Heisig, Peter and Suraj, Olunifesi Adekunle and Kianto, Aino and Kemboi, Cosmas and Perez Arrau, Gregorio and Fathi Easa, Nasser},
  journal={Journal of Knowledge Management},
  volume={20},
  number={6},
  pages={1169--1198},
  year={2016},
  publisher={Emerald Group Publishing Limited}
}

@incollection{joubert2018conceptual,
  title={A Conceptual Perspective on Knowledge Management and Boundary Spanning: Knowledge, Boundaries and Commons},
  author={Joubert, L{\'e}o and Paraponaris, Claude},
  booktitle={The Palgrave Handbook of Knowledge Management},
  pages={323--347},
  year={2018},
  publisher={Springer}
}

@incollection{hislop2018knowledge,
  title={Knowledge Management:(Potential) Future Research Directions},
  author={Hislop, Donald and Murray, Peter A and Shrestha, Anup and Syed, Jawad and Mouzughi, Yusra},
  booktitle={The Palgrave Handbook of Knowledge Management},
  pages={691--703},
  year={2018},
  publisher={Springer}
}

@book{syed2018palgrave,
  title={The Palgrave handbook of knowledge management},
  author={Syed, Jawad and Murray, Peter A and Hislop, Donald and Mouzughi, Yusra},
  year={2018},
  publisher={Springer}
}

@book{north2018knowledge,
  title={Knowledge management: Value creation through organizational learning},
  author={North, Klaus and Kumta, Gita},
  year={2018},
  publisher={Springer}
}

@incollection{schacht2016methodology,
  title={A methodology for systematic project knowledge reuse},
  author={Schacht, Silvia and Maedche, Alexander},
  booktitle={Innovations in Knowledge Management},
  pages={19--44},
  year={2016},
  publisher={Springer}
}

@article{castillo2002note,
  title={A note on the concept of tacit knowledge},
  author={Castillo, Jose},
  journal={Journal of Management Inquiry},
  volume={11},
  number={1},
  pages={46--57},
  year={2002},
  publisher={Sage Publications Sage CA: Thousand Oaks, CA}
}

@article{nonaka2007knowledge,
  title={The knowledge-creating company},
  author={Nonaka, Ikujir{\=o} and Takeuchi, Hirotaka},
  journal={Harvard business review},
  volume={85},
  number={7/8},
  pages={162},
  year={2007}
}

@article{nonaka1994dynamic,
  title={A dynamic theory of organizational knowledge creation},
  author={Nonaka, Ikujiro},
  journal={Organization science},
  volume={5},
  number={1},
  pages={14--37},
  year={1994},
  publisher={INFORMS}
}

@incollection{nonaka2015knowledge,
  title={The knowledge-creating theory revisited: knowledge creation as a synthesizing process},
  author={Nonaka, Ikujiro and Toyama, Ryoko},
  booktitle={The essentials of knowledge management},
  pages={95--110},
  year={2015},
  publisher={Springer}
}

@article{nonaka2000seci,
  title={SECI, Ba and leadership: a unified model of dynamic knowledge creation},
  author={Nonaka, Ikujiro and Toyama, Ryoko and Konno, Noboru},
  journal={Long range planning},
  volume={33},
  number={1},
  pages={5--34},
  year={2000},
  publisher={Elsevier}
}

@article{markus2001toward,
  title={Toward a theory of knowledge reuse: Types of knowledge reuse situations and factors in reuse success},
  author={Markus, Lynne M},
  journal={Journal of management information systems},
  volume={18},
  number={1},
  pages={57--93},
  year={2001},
  publisher={Taylor \& Francis}
}

@article{davenport1998successful,
  title={Successful knowledge management projects},
  author={Davenport, Thomas H and De Long, David W and Beers, Michael C},
  journal={MIT Sloan Management Review},
  volume={39},
  number={2},
  pages={43},
  year={1998},
  publisher={Massachusetts Institute of Technology, Cambridge, MA}
}

@article{zack1999managing,
  title={Managing codified knowledge},
  author={Zack, Michael H},
  journal={Sloan management review},
  volume={40},
  number={4},
  pages={45--58},
  year={1999}
}

@article{ajmal2008knowledge,
  title={Knowledge transfer in project-based organizations: an organizational culture perspective},
  author={Ajmal, Mian M and Koskinen, Kaj U},
  journal={Project management journal},
  volume={39},
  number={1},
  pages={7--15},
  year={2008},
  publisher={SAGE Publications Sage CA: Los Angeles, CA}
}

@article{petter2009developing,
  title={Developing soft skills to manage user expectations in IT projects: Knowledge reuse among IT project managers},
  author={Petter, Stacie and Randolph, Adriane B},
  journal={Project Management Journal},
  volume={40},
  number={4},
  pages={45--59},
  year={2009},
  publisher={SAGE Publications Sage CA: Los Angeles, CA}
}

@article{julian2008project,
  title={How project management office leaders facilitate cross-project learning and continuous improvement},
  author={Julian, Jerry},
  journal={Project Management Journal},
  volume={39},
  number={3},
  pages={43--58},
  year={2008},
  publisher={SAGE Publications Sage CA: Los Angeles, CA}
}

@article{hassen2016choosing,
  title={Choosing a sensitive business process modeling formalism for knowledge identification},
  author={Hassen, Mariam Ben and Turki, Mohamed and Gargouri, Fa{\"\i}ez},
  journal={Procedia Computer Science},
  volume={100},
  pages={1002--1015},
  year={2016},
  publisher={Elsevier}
}

@techreport{tebourbi2000apprentissage,
  title={L'apprentissage organisationnel : Penser l'organisation comme processus de gestion des connaissances et de d{\'e}veloppement des th{\'e}ories d'usage},
  author={Tebourbi, Nadia},
  year={2000},
  institution={Chaire de recherche du Canada sur les enjeux socio-organisationnels de l'{\'e}conomie du savoir}
}

@inproceedings{richetti2017analysis,
  title={Analysis of knowledge-intensive processes focused on the communication perspective},
  author={Richetti, Pedro Henrique Piccoli and de AR Gon{\c{c}}alves, Jo{\~a}o Carlos and Bai{\~a}o, Fernanda Araujo and Santoro, Fl{\'a}via Maria},
  booktitle={International Conference on Business Process Management},
  pages={269--285},
  year={2017},
  organization={Springer}
}

@article{panian2011promising,
  title={A promising approach to supporting knowledge-intensive business processes: business case management},
  author={Panian, Zeljko},
  journal={World Academy of Science, Engineering and Technology},
  volume={75},
  pages={642--648},
  year={2011}
}

@article{hill2006beyond,
  title={Beyond predictable workflows: Enhancing productivity in artful business processes},
  author={Hill, Charles and Yates, Robert and Jones, Carol and Kogan, Sandra L},
  journal={IBM Systems journal},
  volume={45},
  number={4},
  pages={663--682},
  year={2006},
  publisher={IBM}
}

@article{rosemann2007configurable,
  title={A configurable reference modelling language},
  author={Rosemann, Michael and Van der Aalst, Wil MP},
  journal={Information Systems},
  volume={32},
  number={1},
  pages={1--23},
  year={2007},
  publisher={Elsevier}
}

@COMMENT - SOLUTIONS -

@article{dos2015kipo,
  title={KIPO: the knowledge-intensive process ontology},
  author={dos Santos Fran{\c{c}}a, Juliana Baptista and Netto, Joanne Manh{\~a}es and do ES Carvalho, Juliana and Santoro, Fl{\'a}via Maria and Bai{\~a}o, Fernanda Araujo and Pimentel, Mariano},
  journal={Software \& Systems Modeling},
  volume={14},
  number={3},
  pages={1127--1157},
  year={2015},
  publisher={Springer}
}

@inproceedings{moura2015xcutekip,
  title={XCuteKIP: support for knowledge intensive process activities},
  author={Moura, Ednilson Veloso and Santoro, Fl{\'a}via Maria and Bai{\~a}o, Fernanda Araujo},
  booktitle={CYTED-RITOS International Workshop on Groupware},
  pages={164--180},
  year={2015},
  organization={Springer}
}

@inproceedings{moura2013collaboration,
  title={Collaboration support for knowledge-intensive processes through a service-based approach},
  author={Moura, Ednilson Veloso and Santoro, Fl{\'a}via Maria and Bai{\~a}o, Fernanda Araujo},
  booktitle={Computer Supported Cooperative Work in Design (CSCWD), 2013 IEEE 17th International Conference on},
  pages={319--324},
  year={2013},
  organization={IEEE}
}

@incollection{de2016modeling,
  title={Modeling for learning in public administrations—the learn PAd approach},
  author={De Angelis, Guglielmo and Pierantonio, Alfonso and Polini, Andrea and Re, Barbara and Th{\"o}nssen, Barbara and Woitsch, Robert},
  booktitle={Domain-Specific Conceptual Modeling},
  pages={575--594},
  year={2016},
  publisher={Springer}
} @COMMENT "


@article{gromoff2017business,
  title={Business Architecture Flexibility as a Result of Knowledge-Intensive Process Management},
  author={Gromoff, Alexander and Bilinkis, Yulia and Kazantsev, Nikolay},
  journal={Global Journal of Flexible Systems Management},
  volume={18},
  number={1},
  pages={73--86},
  year={2017},
  publisher={Springer}
}

@article{sallos2017business,
  title={A business process improvement framework for knowledge-intensive entrepreneurial ventures},
  author={Sallos, Mark P and Yoruk, Esin and Garc{\'\i}a-P{\'e}rez, Alexeis},
  journal={The Journal of Technology Transfer},
  volume={42},
  number={2},
  pages={354--373},
  year={2017},
  publisher={Springer}
}

@COMMENT ---------------------------------------------------
@COMMENT -----  BY SNOWBALLING (FOREWARD/BACKWARD REFS) -----
@COMMENT ---------------------------------------------------

@inproceedings{shkundina2005similarity,
  title={A Similarity Measure for Task Contexts.},
  author={Shkundina, Roza and Schwarz, Sven},
  booktitle={ICCBR Workshops},
  pages={261--270},
  year={2005}
}

@inproceedings{francca2012towards,
  title={Towards characterizing knowledge intensive processes},
  author={Fran{\c{c}}a, Juliana BS and Bai{\~a}o, Fernanda A and Santoro, Flavia M},
  booktitle={Computer Supported Cooperative Work in Design (CSCWD), 2012 IEEE 16th International Conference on},
  pages={497--504},
  year={2012},
  organization={IEEE}
}

@inproceedings{dos2012towards,
  title={Towards knowledge-intensive processes representation},
  author={dos Santos Fran{\c{c}}a, Juliana Baptista and Netto, Joanne Manh{\~a}es and Barradas, Rafael Gomes and Santoro, Fl{\'a}via and Bai{\~a}o, Fernanda Araujo},
  booktitle={International Conference on Business Process Management},
  pages={126--136},
  year={2012},
  organization={Springer}
}

@inproceedings{netto2013notation,
  title={A notation for knowledge-intensive processes},
  author={Netto, Joanne Manh{\~a}es and Franca, Juliana BS and Bai{\~a}o, Fernanda Araujo and Santoro, Fl{\'a}via Maria},
  booktitle={Computer Supported Cooperative Work in Design (CSCWD), 2013 IEEE 17th International Conference on},
  pages={190--195},
  year={2013},
  organization={IEEE}
}

@inproceedings{di2012knowledge,
  title={Knowledge-intensive Processes: An Overview of Contemporary Approaches.},
  author={Di Ciccio, Claudio and Marrella, Andrea and Russo, Alessandro},
  booktitle={KiBP@ KR},
  pages={33--47},
  year={2012}
}

@article{di2015knowledge,
  title={Knowledge-intensive processes: characteristics, requirements and analysis of contemporary approaches},
  author={Di Ciccio, Claudio and Marrella, Andrea and Russo, Alessandro},
  journal={Journal on Data Semantics},
  volume={4},
  number={1},
  pages={29--57},
  year={2015},
  publisher={Springer}
}

@inproceedings{vaculin2011declarative,
  title={Declarative business artifact centric modeling of decision and knowledge intensive business processes},
  author={Vaculin, Roman and Hull, Richard and Heath, Terry and Cochran, Craig and Nigam, Anil and Sukaviriya, Piyawadee},
  booktitle={Enterprise Distributed Object Computing Conference (EDOC), 2011 15th IEEE International},
  pages={151--160},
  year={2011},
  organization={IEEE}
}

@article{warren2009improving,
  title={Improving knowledge worker productivity--the ACTIVE integrated approach},
  author={Warren, Paul and Kings, Nick and Thurlow, Ian and Davies, John and Buerger, Tobias and Simperl, Elena and Ruiz, Carlos and Gomez-Perez, Jose Manuel and Ermolayev, Vadim and Ghani, Rayid and others},
  journal={BT Technology Journal},
  volume={26},
  number={2},
  pages={165--176},
  year={2009}
}

@ COMMENT - SOLUTIONS -

@inproceedings{papavassiliou2002business,
  title={Business process knowledge modelling: method and tool},
  author={Papavassiliou, Giorgos and Ntioudis, Spyridon and Mentzas, Gregoris and Abecker, Andreas},
  booktitle={Database and Expert Systems Applications, 2002. Proceedings. 13th International Workshop on},
  pages={138--142},
  year={2002},
  organization={IEEE}
}

@book{schreiber2000knowledge,
  title={Knowledge engineering and management: the CommonKADS methodology},
  author={Schreiber, A Th and Schreiber, Guus and Akkermans, Hans and Anjewierden, Anjo and Shadbolt, Nigel and de Hoog, Robert and Van de Velde, Walter and Shadbolt, Nigel R and Wielinga, Bob},
  year={2000},
  publisher={MIT press}
}

@phdthesis{abecker2004business,
  title={Business-process oriented knowledge management: concepts, methods, and tools},
  author={Abecker, Andreas},
  year={2004},
  school={Karlsruhe Institute of Technology}
}

@inproceedings{wang2005framework,
  title={A framework for document-driven workflow systems},
  author={Wang, Jianrui and Kumar, Akhil},
  booktitle={International Conference on Business Process Management},
  pages={285--301},
  year={2005},
  organization={Springer}
}

@article{gronau2005kmdl,
  title={KMDL-Capturing, Analysing and Improving Knowledge-Intensive Business Processes.},
  author={Gronau, Norbert and M{\"u}ller, Claudia and Korf, Roman},
  journal={J. UCS},
  volume={11},
  number={4},
  pages={452--472},
  year={2005}
} @COMMENT "


@article{reichert2005adaptive,
  title={Adaptive process management with ADEPT2},
  author={Reichert, Manfred and Rinderle, Stefanie and Kreher, Ulrich and Dadam, Peter},
  year={2005},
  publisher={IEEE Computer Society Press}
}

@inproceedings{pesic2007declare,
  title={Declare: Full support for loosely-structured processes},
  author={Pesic, Maja and Schonenberg, Helen and Van der Aalst, Wil MP},
  booktitle={11th IEEE International Enterprise Distributed Object Computing Conference (EDOC 2007)},
  pages={287--287},
  year={2007},
  organization={IEEE}
}

@article{di2013mining,
  title={Mining artful processes from knowledge workers' emails},
  author={Di Ciccio, Claudio and Mecella, Massimo},
  journal={IEEE Internet Computing},
  volume={17},
  number={5},
  pages={10--20},
  year={2013},
  publisher={IEEE}
}

@inproceedings{di2011mailofmine,
  title={MailOfMine--analyzing mail messages for mining artful collaborative processes},
  author={Di Ciccio, Claudio and Mecella, Massimo and Scannapieco, Monica and Zardetto, Diego and Catarci, Tiziana},
  booktitle={International Symposium on Data-Driven Process Discovery and Analysis},
  pages={55--81},
  year={2011},
  organization={Springer}
}

@inproceedings{di2011representing,
  title={Representing and visualizing mined artful processes in MailOfMine},
  author={Di Ciccio, Claudio and Mecella, Massimo and Catarci, Tiziana},
  booktitle={Symposium of the Austrian HCI and Usability Engineering Group},
  pages={83--94},
  year={2011},
  organization={Springer}
}

@article{van2009declarative,
  title={Declarative workflows: Balancing between flexibility and support},
  author={van Der Aalst, Wil MP and Pesic, Maja and Schonenberg, Helen},
  journal={Computer Science-Research and Development},
  volume={23},
  number={2},
  pages={99--113},
  year={2009},
  publisher={Springer}
}


@article{abecker2000context,
  title={Context-aware, proactive delivery of task-specific information: The knowmore project},
  author={Abecker, Andreas and Bernardi, Ansgar and Hinkelmann, Knut and Ku, Otto and Sintek, Michael and others},
  journal={Information Systems Frontiers},
  volume={2},
  number={3-4},
  pages={253--276},
  year={2000},
  publisher={Springer}
}

@article{abecker2001frodo,
  title={FRODO: A framework for distributed organizational memories. Milestone M1: Requirements analysis and system architecture},
  author={Abecker, A and Bernardi, A and Van Elst, L and Lauer, A and Maus, H and Schwarz, S and Sintek, M},
  journal={DFKI Document D-01},
  volume={1},
  year={2001}
}

@book{bahr2013epos,
  title={EPOS: evolving personal to organizational knowledge spaces},
  author={B{\"a}hr, Jan-Thies and Dannenmann, Peter and van Elst, Ludger and Hust, Armin and Lauer, Andreas and Maus, Heiko and Schwarz, Sven},
  year={2013},
  publisher={Saarl{\"a}ndische Universit{\"a}ts-und Landesbibliothek}
}


@article{sid2019enabling,
  title={Enabling flexible task compositions, orders and granularities for knowledge-intensive business processes},
  author={Sid, Imane and Reichert, Manfred and Ghomari, Abdessamed R{\'e}da},
  journal={Enterprise Information Systems},
  volume={13},
  number={3},
  pages={376--423},
  year={2019},
  publisher={Taylor \& Francis}
}


@COMMENT -------------------------------------
@COMMENT -----  DEFINITIONS DES ACM / CBR -----
@COMMENT -------------------------------------

@book{swenson2010mastering,
  title={Mastering the unpredictable: how adaptive case management will revolutionize the way that knowledge workers get things done},
  author={Swenson, Keith D and Palmer, Nathaniel and others},
  volume={1},
  year={2010},
  publisher={Meghan-Kiffer Press Tampa}
}

@inproceedings{motahari2013adaptive,
  title={Adaptive case management: Overview and research challenges},
  author={Motahari-Nezhad, Hamid R and Swenson, Keith D},
  booktitle={2013 IEEE 15th Conference on Business Informatics},
  pages={264--269},
  year={2013},
  organization={IEEE}
}

@inproceedings{herrmann2011adaptive,
  title={Adaptive case management: supporting knowledge intensive processes with IT systems},
  author={Herrmann, Christian and Kurz, Matthias},
  booktitle={International Conference on Subject-Oriented Business Process Management},
  pages={80--97},
  year={2011},
  organization={Springer}
}

@inproceedings{huber2014enabled,
  title={It-enabled collaborative case management—Principles and tools},
  author={Huber, Sebastian and Lederer, Matthias and Bodendorf, Freimut},
  booktitle={Collaboration Technologies and Systems (CTS), 2014 International Conference on},
  pages={259--266},
  year={2014},
  organization={IEEE}
}

@inproceedings{huber2015adaptive,
  title={Adaptive open innovation: solution approach and tool support},
  author={Huber, Sebastian and Schott, Peter and Lederer, Matthias},
  booktitle={Proceedings of the 7th International Conference on Subject-Oriented Business Process Management},
  pages={12},
  year={2015},
  organization={ACM}
}

@inproceedings{marin2016case,
  title={Case management: an evaluation of existing approaches for knowledge-intensive processes},
  author={Marin, Mike A and Hauder, Matheus and Matthes, Florian},
  booktitle={International Conference on Business Process Management},
  pages={5--16},
  year={2016},
  organization={Springer}
}

@inproceedings{cognini2016case,
  title={A case modelling language for process variant management in case-based reasoning},
  author={Cognini, Riccardo and Hinkelmann, Knut and Martin, Andreas},
  booktitle={International Conference on Business Process Management},
  pages={30--42},
  year={2016},
  organization={Springer}
}

@inproceedings{martin2013integrating,
  title={Integrating an enterprise architecture ontology in a case-based reasoning approach for project knowledge},
  author={Martin, Andreas and Emmenegger, Sandro and Wilke, Gwendolin},
  booktitle={Proceedings of the First International Conference on Enterprise Systems: ES 2013},
  pages={1--12},
  year={2013},
  organization={IEEE}
}

@inproceedings{eberle2009process,
  title={Process fragments},
  author={Eberle, Hanna and Unger, Tobias and Leymann, Frank},
  booktitle={OTM Confederated International Conferences" On the Move to Meaningful Internet Systems"},
  pages={398--405},
  year={2009},
  organization={Springer}
}

@inproceedings{eberle2010process,
  title={Process fragment composition operations},
  author={Eberle, Hanna and Leymann, Frank and Schleicher, Daniel and Schumm, David and Unger, Tobias},
  booktitle={2010 IEEE Asia-Pacific Services Computing Conference},
  pages={157--163},
  year={2010},
  organization={IEEE}
}

@inproceedings{tran2015embracing,
  title={Embracing process compliance and flexibility through behavioral consistency checking in acm: A repair service management case},
  booktitle={Business Process Management Workshops. BPM 2016.},
  author={Tran, Thanh and Weiss, Erhard and Ruhsam, Christoph and Czepa, Christoph and Tran, Huy and Zdun, Uwe},
  year={2015}
}

@article{kolodner1992introduction,
  title={An introduction to case-based reasoning},
  author={Kolodner, Janet L},
  journal={Artificial intelligence review},
  volume={6},
  number={1},
  pages={3--34},
  year={1992},
  publisher={Springer}
}

@article{slade1991case,
  title={Case-based reasoning: A research paradigm},
  author={Slade, Stephen},
  journal={AI magazine},
  volume={12},
  number={1},
  pages={42--42},
  year={1991}
}

@misc{isispapyrus,
  title={ISIS Papyrus ACM System},
  howpublished = "\url{https://www.isis-papyrus.com/e15/pages/business-apps/acm.html}",
  note = "[Online; accessed April-2019]"
}

@inproceedings{tenschert2016supporting,
  title={Supporting knowledge work by speech-act based templates for micro processes},
  author={Tenschert, Johannes and Lenz, Richard},
  booktitle={International conference on business process management},
  pages={78--89},
  year={2016},
  organization={Springer}
}
@inproceedings{tenschert2016towards,
  title={Towards speech-act-based adaptive case management},
  author={Tenschert, Johannes and Lenz, Richard},
  booktitle={2016 IEEE 20th International Enterprise Distributed Object Computing Workshop (EDOCW)},
  pages={1--8},
  year={2016},
  organization={IEEE}
}

@inproceedings{czepa2016towards,
  title={Towards structural consistency checking in adaptive case management},
  author={Czepa, Christoph and Tran, Huy and Zdun, Uwe and Kim, Thanh Tran Thi and Weiss, Erhard and Ruhsam, Christoph},
  booktitle={International Conference on Business Process Management},
  pages={90--95},
  year={2016},
  organization={Springer}
}

@inproceedings{bider2016towards,
  title={Towards process improvement for case management},
  author={Bider, Ilia},
  booktitle={International Conference on Business Process Management},
  pages={96--107},
  year={2016},
  organization={Springer}
}

@inproceedings{routis2018empowering,
  title={Empowering Knowledge Workers with CMMN: The Concept of Case Learning},
  author={Routis, Ioannis and Nikolaidou, Mara and Alexopoulou, Nancy and Anagnostopoulos, Dimosthenis},
  booktitle={2018 IEEE 22nd International Enterprise Distributed Object Computing Workshop (EDOCW)},
  pages={33--36},
  year={2018},
  organization={IEEE}
}

@inproceedings{bider2018introducing,
  title={Introducing Goal Patterns for State-Oriented Business Process Modeling},
  author={Bider, Ilia and Koutsopoulos, Georgios},
  booktitle={2018 IEEE 22nd International Enterprise Distributed Object Computing Workshop (EDOCW)},
  pages={43--47},
  year={2018},
  organization={IEEE}
}

@inproceedings{zasada2018box,
  title={A Box of Bricks for Modelling Domain-Specific Compliance Pattern},
  author={Zasada, Andrea},
  booktitle={2018 IEEE 22nd International Enterprise Distributed Object Computing Workshop (EDOCW)},
  pages={37--42},
  year={2018},
  organization={IEEE}
}

@article{elgammal2016formalizing,
  title={Formalizing and appling compliance patterns for business process compliance},
  author={Elgammal, Amal and Turetken, Oktay and van den Heuvel, Willem-Jan and Papazoglou, Mike},
  journal={Software \& Systems Modeling},
  volume={15},
  number={1},
  pages={119--146},
  year={2016},
  publisher={Springer}
}

@article{davenport1994case,
  title={Case management and the integration of labor},
  author={Davenport, Thomas H and Nohria, Nitin},
  journal={MIT Sloan Management Review},
  volume={35},
  number={2},
  pages={11},
  year={1994},
  publisher={Massachusetts Institute of Technology, Cambridge, MA}
}

@article{swenson2013white,
  title={White Paper: State of the Art in Case Management},
  author={Swenson, Keith D},
  journal={Fujitsu America, Inc. March},
  pages={5--6},
  year={2013}
}

@inproceedings{marin2012data,
  title={Data centric bpm and the emerging case management standard: A short survey},
  author={Marin, Mike and Hull, Richard and Vacul{\'\i}n, Roman},
  booktitle={International Conference on Business Process Management},
  pages={24--30},
  year={2012},
  organization={Springer}
}



@incollection{rychkova2017towards,
  title={Towards Executable Specifications for Case Management Processes},
  author={Rychkova, Irina and Le Grand, B{\'e}n{\'e}dicte and Souveyet, Carine},
  booktitle={Advances in Intelligent Process-Aware Information Systems},
  pages={49--77},
  year={2017},
  publisher={Springer}
}

@article{van2005case,
  title={Case handling: a new paradigm for business process support},
  author={Van der Aalst, Wil MP and Weske, Mathias and Gr{\"u}nbauer, Dolf},
  journal={Data \& Knowledge Engineering},
  volume={53},
  number={2},
  pages={129--162},
  year={2005},
  publisher={Elsevier}
} @COMMENT "

@article{biswas2014review,
  title={A review on fundamentals of case-based reasoning and its recent application in different domains},
  author={Biswas, Saroj K and Sinha, Nidul and Purkayastha, Biswajit},
  journal={International Journal of Advanced Intelligence Paradigms},
  volume={6},
  number={3},
  pages={235--254},
  year={2014},
  publisher={Inderscience Publishers Ltd}
}

@inproceedings{hull2010introducing,
  title={Introducing the guard-stage-milestone approach for specifying business entity lifecycles},
  author={Hull, Richard and Damaggio, Elio and Fournier, Fabiana and Gupta, Manmohan and Heath, Fenno Terry and Hobson, Stacy and Linehan, Mark and Maradugu, Sridhar and Nigam, Anil and Sukaviriya, Piyawadee and others},
  booktitle={International Workshop on Web Services and Formal Methods},
  pages={1--24},
  year={2010},
  organization={Springer}
}

@inproceedings{zensen2018comparison,
  title={A Comparison of Flexible BPMN and CMMN in Practice: A Case Study on Component Release Processes},
  author={Zensen, Andr{\'e} and K{\"u}ster, Jochen},
  booktitle={2018 IEEE 22nd International Enterprise Distributed Object Computing Conference (EDOC)},
  pages={105--114},
  year={2018},
  organization={IEEE}
}


@inproceedings{kushnareva2015modelingStatecharts,
  title={Modeling and animation of crisis management process with statecharts},
  author={Kushnareva, Elena and Rychkova, Irina and Le Grand, B{\'e}n{\'e}dicte},
  booktitle={International Conference on Business Informatics Research},
  pages={145--160},
  year={2015},
  organization={Springer}
}

@inproceedings{kushnareva2015modelingLessonsLearned,
  title={Modeling business processes for automated crisis management support: lessons learned},
  author={Kushnareva, Elena and Rychkova, Irina and Le Grand, B{\'e}n{\'e}dicte},
  booktitle={2015 IEEE 9th International Conference on Research Challenges in Information Science (RCIS)},
  pages={388--399},
  year={2015},
  organization={IEEE}
}

@inproceedings{kushnareva2016semantics,
  title={Semantics of Higraphs for Process Modeling and Analysis},
  author={Kushnareva, Elena and Rychkova, Irina and Le Grand, B{\'e}n{\'e}dicte},
  booktitle={2016 IEEE 20th International Enterprise Distributed Object Computing Workshop (EDOCW)},
  pages={1--8},
  year={2016},
  organization={IEEE}
}

@inproceedings{kushnareva2016modelingFromGoalsToScenarios,
  title={Modeling crisis management process from goals to scenarios},
  author={Kushnareva, Elena and Rychkova, Irina and Deneck{\'e}re, R{\'e}becca and Le Grand, B{\'e}n{\'e}dicte},
  booktitle={International Conference on Business Process Management},
  pages={55--64},
  year={2016},
  organization={Springer}
}


@article{peterson1977petri,
  title={Petri nets},
  author={Peterson, James L},
  journal={ACM Computing Surveys (CSUR)},
  volume={9},
  number={3},
  pages={223--252},
  year={1977},
  publisher={ACM New York, NY, USA}
}

@inproceedings{petri1962fundamentals,
  title={Fundamentals of a Theory of Asynchronous Information Flow.},
  author={Petri, Carl Adam},
  booktitle={IFIP congress},
  volume={62},
  pages={386--390},
  year={1962}
}

@incollection{jensen1987coloured,
  title={Coloured petri nets},
  author={Jensen, Kurt},
  booktitle={Petri nets: central models and their properties},
  pages={248--299},
  year={1987},
  publisher={Springer}
}


@COMMENT --------------------------------------------------------------------------------------
@COMMENT --------------------------------------------------------------------------------------
@COMMENT -----  DEFINITION DE LA METHODOLOGIE DE RECHERCHE -----
@COMMENT -----  (Publish or Perish, Systematic Litterature Review, ...)  -----
@COMMENT --------------------------------------------------------------------------------------
@COMMENT --------------------------------------------------------------------------------------

@COMMENT -------------- Design Science

@article{hevner2004design,
  title={Design science in information systems research},
  author={Hevner, Alan R and March, Salvatore T and Park, Jinsoo and Ram, Sudha},
  journal={MIS quarterly},
  pages={75--105},
  year={2004},
  publisher={JSTOR}
}

@article{hevner2007three,
  title={A three cycle view of design science research},
  author={Hevner, Alan R},
  journal={Scandinavian journal of information systems},
  volume={19},
  number={2},
  pages={4},
  year={2007}
}

@article{peffers2007design,
  title={A design science research methodology for information systems research},
  author={Peffers, Ken and Tuunanen, Tuure and Rothenberger, Marcus A and Chatterjee, Samir},
  journal={Journal of management information systems},
  volume={24},
  number={3},
  pages={45--77},
  year={2007},
  publisher={Taylor \& Francis}
}

@incollection{hevner2010design,
  title={Design science research in information systems},
  author={Hevner, Alan and Chatterjee, Samir},
  booktitle={Design research in information systems},
  pages={9--22},
  year={2010},
  publisher={Springer}
}

@inproceedings{wieringa2016design,
  title={Design science research in information systems and software systems engineering.},
  author={Wieringa, Roel J},
  booktitle={CIbSE},
  pages={485},
  year={2016}
}

@inproceedings{pascal2011approche,
  title={L'approche du design science au c{\oe}ur du d{\'e}bat rigueur/pertinence},
  author={Pascal, Amandine},
  booktitle={16{\`e}me {\'e}dition du Colloque de l'Association Information et Management (AIM 2011)},
  pages={x},
  year={2011}
}

@COMMENT -------------- Validite

@inproceedings{feldt2010validity,
  title={Validity threats in empirical software engineering research-an initial survey.},
  author={Feldt, Robert and Magazinius, Ana},
  booktitle={Seke},
  pages={374--379},
  year={2010}
}

@COMMENT -------------- Publish or Perish

@misc{harzing2007publish,
  title={Publish or perish},
  author={Harzing, Anne-Wil and others},
  year={2007},
  howpublished = "\url{https://harzing.com/resources/publish-or-perish}",
  note = "[Online; accessed December-2018]"
}


@COMMENT --------------------------------------------------------------------------------------
@COMMENT --------------------------------------------------------------------------------------
@COMMENT -----  DEFINITION DES OUTILS "BAS NIVEAUX" -----
@COMMENT -----  (BPMN, EPC, EPML, ...)  && FCA  -----
@COMMENT --------------------------------------------------------------------------------------
@COMMENT --------------------------------------------------------------------------------------

@article{harel1987statecharts,
  title={Statecharts: A visual formalism for complex systems},
  author={Harel, David},
  journal={Science of computer programming},
  volume={8},
  number={3},
  pages={231--274},
  year={1987},
  publisher={Elsevier}
}

@article{harel1988visual,
  title={On visual formalisms},
  author={Harel, David},
  journal={Commun. ACM},
  volume={31},
  number={5},
  pages={514--530},
  year={1988}
}

@misc{noy2001ontology,
  title={Ontology development 101: A guide to creating your first ontology},
  author={Noy, Natalya F and McGuinness, Deborah L and others},
  year={2001},
  publisher={Stanford knowledge systems laboratory technical report KSL-01-05 and~…}
}

@phdthesis{guizzardi2005ontological,
  title={Ontological foundations for structural conceptual models},
  author={Guizzardi, Giancarlo},
  year={2005},
  school={University of Twente}
}

@inproceedings{calvao2012taxonomy,
  title={A taxonomy for computer-supported conversation},
  author={Calv{\~a}o, L. and Pimentel, M. and Fuks, H.E. and Gerosa, M.A.},
  year={2012},
  booktitle={Proceedings of SBSC, IX Simpósio Brasileiro de Sistemas Colaborativos. S{\~a}o Paulo},
  pages={29--34},
  note = "(in Portuguese)"
}

@misc{omg2016cmmn,
  added-at = {2017-09-08T16:33:18.000+0200},
  author = {OMG},
  biburl = {https://www.bibsonomy.org/bibtex/284e97562871adda0f5ebeceab514526d/porta},
  institution = {Object Management Group},
  interhash = {eec9b56fdd5d51ffe09ab73d67bbb023},
  intrahash = {84e97562871adda0f5ebeceab514526d},
  keywords = {cmmn omg standard},
  month = jan,
  organization = {Object Management Group},
  revision = {1.0},
  timestamp = {2017-09-08T16:33:18.000+0200},
  title = {{Case Management Model and Notation, Version 1.1}},
  url = {http://www.omg.org/spec/CMMN/1.1},
  year = 2016
}

@misc{omg2011bpmn,
  added-at = {2013-02-22T22:42:18.000+0100},
  author = {OMG},
  biburl = {https://www.bibsonomy.org/bibtex/2d71e28d8b21b73a067683ba4bfe0321a/porta},
  file = {omg2011bpmn.pdf:omg2011bpmn.pdf:PDF},
  groups = {public},
  institution = {Object Management Group},
  interhash = {3dc7b0ecb231121716362e43297fd70a},
  intrahash = {d71e28d8b21b73a067683ba4bfe0321a},
  keywords = {omg standard bpmn},
  month = {January},
  organization = {Object Management Group},
  revision = {2.0},
  timestamp = {2013-03-01T23:25:34.000+0100},
  title = {{Business Process Model and Notation (BPMN), Version 2.0}},
  url = {http://www.omg.org/spec/BPMN/2.0},
  username = {porta},
  year = 2011
}

@book{keller1992semantische,
  title={Semantische Proze{\ss}modellierung auf der Grundlage" Ereignisgesteuerter Proze{\ss}ketten (EPK)"},
  author={Keller, Gerhard and Scheer, August-Wilhelm and N{\"u}ttgens, Markus},
  year={1992},
  publisher={Inst. f{\"u}r Wirtschaftsinformatik}
}

@article{mendling2006epc,
  title={EPC markup language (EPML): an XML-based interchange format for event-driven process chains (EPC)},
  author={Mendling, Jan and N{\"u}ttgens, Markus},
  journal={Information Systems and e-Business Management},
  volume={4},
  number={3},
  pages={245--263},
  year={2006},
  publisher={Springer}
}

@inproceedings{kotsev2011bpmn,
  title={BPMN-EPC-BPMN Converter},
  author={Kotsev, Vladimir and Stanev, Ivan and Grigorova, Katalina},
  booktitle={Proc. of University of Ruse-Annual conference},
  pages={54--59},
  year={2011}
}

@COMMENT ------------ BRMS ------------

@misc{ross2003manifesto,
  title={The Business Rules Manifesto},
  author={Ross, Ronald G.},
  year={2003},
  howpublished = "\url{http://www.businessrulesgroup.org/brmanifesto.htm}",
  note = "[Online; accessed May-2019]"
}

@book{graham2007business,
  title={Business rules management and service oriented architecture: a pattern language},
  author={Graham, Ian},
  year={2007},
  publisher={John wiley \& sons}
}

@inproceedings{zur2007business,
  title={Business process and business rule modeling languages for compliance management: a representational analysis},
  author={Zur Muehlen, Michael and Indulska, Marta and Kamp, Gerrit},
  booktitle={Tutorials, posters, panels and industrial contributions at the 26th international conference on Conceptual modeling-Volume 83},
  pages={127--132},
  year={2007},
  organization={Australian Computer Society, Inc.}
}

@COMMENT ------------ Strategy Models ------------

@misc{gishdefinition,
  title={Definition of Strategy Models},
  author={Gish, Will},
  publisher={Small Business - Chron.com},
  howpublished = "\url{https://smallbusiness.chron.com/definition-strategy-models-15431.html}",
  note = "[Online; accessed July-2019]"
}

@inproceedings{jiang2011strategic,
  title={Strategic models for business intelligence},
  author={Jiang, Lei and Barone, Daniele and Amyot, Daniel and Mylopoulos, John},
  booktitle={International Conference on Conceptual Modeling},
  pages={429--439},
  year={2011},
  organization={Springer}
}

@article{horkoff2014strategic,
  title={Strategic business modeling: representation and reasoning},
  author={Horkoff, Jennifer and Barone, Daniele and Jiang, Lei and Yu, Eric and Amyot, Daniel and Borgida, Alex and Mylopoulos, John},
  journal={Software \& Systems Modeling},
  volume={13},
  number={3},
  pages={1015--1041},
  year={2014},
  publisher={Springer}
}

@article{ghasemi2019event,
  title={From event logs to goals: a systematic literature review of goal-oriented process mining},
  author={Ghasemi, Mahdi and Amyot, Daniel},
  journal={Requirements Engineering},
  pages={1--27},
  year={2019},
  publisher={Springer}
}

@COMMENT ------------ ACF/FCA ------------

@incollection{wille1982restructuring,
  abstract = {Lattice theory today reflects the general status of current mathematics: there is a rich production of theoretical concepts, results, and developments, many of which are reached by elaborate mental gymnastics; on the other hand, the connections of the theory to its surroundings are getting weaker and weaker, with the result that the theory and even many of its parts become more isolated. Restructuring lattice theory is an attempt to reinvigorate connections with our general culture by interpreting the theory as concretely as possible, and in this way to promote better communication between lattice theorists and potential users of lattice theory.},
  added-at = {2014-11-26T17:04:39.000+0100},
  author = {Wille, Rudolf},
  biburl = {https://www.bibsonomy.org/bibtex/29f2962c0b9b15ddd770ed8eba3935e72/sdo},
  booktitle = {Ordered Sets},
  description = {Restructuring Lattice Theory: An Approach Based on Hierarchies of Concepts - Springer},
  doi = {10.1007/978-94-009-7798-3_15},
  editor = {Rival, Ivan},
  interhash = {1e021e8bace9683c92416cd882eb4c4d},
  intrahash = {9f2962c0b9b15ddd770ed8eba3935e72},
  isbn = {978-94-009-7800-3},
  keywords = {basics fca lattice restructuring theory},
  language = {English},
  pages = {445-470},
  publisher = {Springer Netherlands},
  series = {NATO Advanced Study Institutes Series},
  timestamp = {2014-11-26T17:04:39.000+0100},
  title = {Restructuring Lattice Theory: An Approach Based on Hierarchies of Concepts},
  url = {http://dx.doi.org/10.1007/978-94-009-7798-3_15},
  volume = 83,
  year = 1982
}



@book{ganter2012formal,
  title={Formal concept analysis: mathematical foundations},
  author={Ganter, Bernhard and Wille, Rudolf},
  year={2012},
  publisher={Springer Science \& Business Media}
}

@article{belohlavek2008introduction,
  title={Introduction to formal concept analysis},
  author={Belohlavek, Radim},
  journal={Palacky University, Department of Computer Science, Olomouc},
  volume={47},
  year={2008}
}

@inproceedings{wormuth2004introduction,
  title={Introduction to formal concept analysis},
  author={Wormuth, Bastian and Becker, Peter},
  booktitle={2nd International Conference of Formal Concept Analysis February},
  volume={23},
  year={2004}
}

@incollection{wille2005formal,
  title={Formal concept analysis as mathematical theory of concepts and concept hierarchies},
  author={Wille, Rudolf},
  booktitle={Formal concept analysis},
  pages={1--33},
  year={2005},
  publisher={Springer}
}

@inproceedings{babin2012approximating,
  title={Approximating concept stability},
  author={Babin, Mikhail A and Kuznetsov, Sergei O},
  booktitle={International Conference on Formal Concept Analysis},
  pages={7--15},
  year={2012},
  organization={Springer}
}

@inproceedings{hereth2000conceptual,
  title={Conceptual knowledge discovery and data analysis},
  author={Hereth, Joachim and Stumme, Gerd and Wille, Rudolf and Wille, Uta},
  booktitle={International Conference on Conceptual Structures},
  pages={421--437},
  year={2000},
  organization={Springer}
}

@phdthesis{jaffal2019aide,
  title={Aide {\`a} l'utilisation et {\`a} l'exploitation de l'Analyse de Concepts Formels pour des non-sp{\'e}cialistes de l'analyse des donn{\'e}es},
  author={Jaffal, Ali},
  year={2019},
  school={Universit{\'e} Panth{\'e}on - Sorbonne - Paris I}
}

@article{jaffal2015refinement,
  title={Refinement strategies for correlating context and user behavior in pervasive information systems},
  author={Jaffal, Ali and Le Grand, B{\'e}n{\'e}dicte and Kirsch-Pinheiro, Manuele},
  journal={Procedia Computer Science},
  volume={52},
  pages={1040--1046},
  year={2015},
  publisher={Elsevier}
}

@phdthesis{messai2009analyse,
  title={Analyse de concepts formels guid{\'e}e par des connaissances de domaine: Application {\`a} la d{\'e}couverte de ressources g{\'e}nomiques sur le Web},
  author={Messai, Nizar},
  year={2009},
  school={Universit{\'e} Henri Poincar{\'e} - Nancy I}
}


@article{burusco1994study,
  title={The study of the L-fuzzy concept lattice},
  author={Burusco Juandeaburre, Ana and Fuentes-Gonz{\'a}lez, Ram{\'o}n},
  journal={Mathware \& soft computing. 1994 Vol. 1 N{\'u}m. 3 p. 209-218},
  year={1994},
  publisher={Universitat Polit{\`e}cnica de Catalunya. Secci{\'o} de Matem{\`a}tiques i Inform{\`a}tica}
}

@article{poelmans2014fuzzy,
  title={Fuzzy and rough formal concept analysis: a survey},
  author={Poelmans, Jonas and Ignatov, Dmitry I and Kuznetsov, Sergei O and Dedene, Guido},
  journal={International Journal of General Systems},
  volume={43},
  number={2},
  pages={105--134},
  year={2014},
  publisher={Taylor \& Francis}
}


@COMMENT ------------ A Priori/Association Rule ------------

@inproceedings{agrawal1993mining,
  title={Mining association rules between sets of items in large databases},
  author={Agrawal, Rakesh and Imieli{\'n}ski, Tomasz and Swami, Arun},
  booktitle={Proceedings of the 1993 ACM SIGMOD international conference on Management of data},
  pages={207--216},
  year={1993}
}

@inproceedings{agrawal1994fast,
  title={Fast algorithms for mining association rules},
  author={Agrawal, Rakesh and Srikant, Ramakrishnan and others},
  booktitle={Proc. 20th int. conf. very large data bases, VLDB},
  volume={1215},
  pages={487--499},
  year={1994}
}



@COMMENT ------------ NLP/TAL ------------

@article{moro2014entity,
  title={Entity linking meets word sense disambiguation: a unified approach},
  author={Moro, Andrea and Raganato, Alessandro and Navigli, Roberto},
  journal={Transactions of the Association for Computational Linguistics},
  volume={2},
  pages={231--244},
  year={2014},
  publisher={MIT Press}
}

@inproceedings{moro2014multilingual,
  title={Multilingual Word Sense Disambiguation and Entity Linking for Everybody.},
  author={Moro, Andrea and Cecconi, Francesco and Navigli, Roberto},
  booktitle={International Semantic Web Conference (Posters \& Demos)},
  pages={25--28},
  year={2014}
}

@mastersthesis{prohaska2017masterthesis,
  title={Categorization and comparison of datasets across Open Data portals},
  author={Prohaska, Georg},
  year={2017},
  school={Department of Information Systems and Operations, Vienna University of Economics and Business},
  address={Welthandelsplatz 1, 1020 Vienna, Austria}
}

@article{navigli2012babelnet,
  title={BabelNet: The automatic construction, evaluation and application of a wide-coverage multilingual semantic network},
  author={Navigli, Roberto and Ponzetto, Simone Paolo},
  journal={Artificial Intelligence},
  volume={193},
  pages={217--250},
  year={2012},
  publisher={Elsevier Science Publishers Ltd.}
}

@article{miller1995wordnet,
  title={WordNet: a lexical database for English},
  author={Miller, George A},
  journal={Communications of the ACM},
  volume={38},
  number={11},
  pages={39--41},
  year={1995},
  publisher={ACM}
}

@inproceedings{schmid1994probabilistic,
  title={Probabilistic part-ofispeech tagging using decision trees},
  author={Schmid, Helmut},
  booktitle={New methods in language processing},
  pages={154},
  year={1994}
}

@inproceedings{Schmid95improvementsin,
    author = {Helmut Schmid},
    title = {Improvements In Part-of-Speech Tagging With an Application To German},
    booktitle = {In Proceedings of the ACL SIGDAT-Workshop},
    year = {1995},
    pages = {47--50}
}

@inproceedings{volkel2006semantic,
  title={Semantic wikipedia},
  author={V{\"o}lkel, Max and Kr{\"o}tzsch, Markus and Vrandecic, Denny and Haller, Heiko and Studer, Rudi},
  booktitle={Proceedings of the 15th international conference on World Wide Web},
  pages={585--594},
  year={2006},
  organization={ACM}
}

@COMMENT ------------ TAL/NLP - Annotation Semantique/Entity Linking ------------

@inproceedings{erbs2011link,
  title={Link discovery: A comprehensive analysis},
  author={Erbs, Nicolai and Zesch, Torsten and Gurevych, Iryna},
  booktitle={2011 IEEE Fifth International Conference on Semantic Computing},
  pages={83--86},
  year={2011},
  organization={IEEE}
}

@inproceedings{cornolti2013framework,
  title={A framework for benchmarking entity-annotation systems},
  author={Cornolti, Marco and Ferragina, Paolo and Ciaramita, Massimiliano},
  booktitle={Proceedings of the 22nd international conference on World Wide Web},
  pages={249--260},
  year={2013}
}

@incollection{rao2013entity,
  title={Entity linking: Finding extracted entities in a knowledge base},
  author={Rao, Delip and McNamee, Paul and Dredze, Mark},
  booktitle={Multi-source, multilingual information extraction and summarization},
  pages={93--115},
  year={2013},
  publisher={Springer}
}

@inproceedings{bunescu-pasca-2006-using,
    title = "Using Encyclopedic Knowledge for Named entity Disambiguation",
    author = "Bunescu, Razvan  and
      Pa{\c{s}}ca, Marius",
    booktitle = "11th Conference of the {E}uropean Chapter of the Association for Computational Linguistics",
    month = apr,
    year = "2006",
    address = "Trento, Italy",
    publisher = "Association for Computational Linguistics",
    url = "https://www.aclweb.org/anthology/E06-1002",
}

@inproceedings{cucerzan2007large,
  title={Large-scale named entity disambiguation based on Wikipedia data},
  author={Cucerzan, Silviu},
  booktitle={Proceedings of the 2007 joint conference on empirical methods in natural language processing and computational natural language learning (EMNLP-CoNLL)},
  pages={708--716},
  year={2007}
}


@COMMENT ------------ TAL/NLP - Semiotique ------------

@techreport{ISO-25964-1,
type = {Standard International},
key = {ISO 25964-1:2011},
year = {2011},
title = {{ISO 25964-1 : Information et documentation – Thésaurus et interopérabilité avec d’autres vocabulaires – Partie 1 : Thésaurus pour la recherche documentaire}},
institution = {International Organization for Standardization},
publisher = {AFNOR}
}

@techreport{LivreBlancISO25964-1,
type = {Livre Blanc},
month = {janvier},
year = {2013},
title = {{ISO 25964-1 - Thésaurus pour la recherche documentairee}},
author={Sylvie Dalbin, Nathalie Yakovleff, Hélène Zysman},
institution = {AFNOR},
publisher = {AFNOR}
}

@article{zargayouna2015recherche,
  title={Recherche d’information s{\'e}mantique: {\'e}tat des lieux},
  author={Zargayouna, Ha{\"\i}fa and Roussey, Catherine and Chevallet, Jean-Pierre},
  journal={Traitement Automatique des Langues},
  volume={56},
  number={3},
  pages={49--73},
  year={2015}
}

@inproceedings{roche2012ontologie,
  title={Ontologie: entre terminologie et connaissance de sp{\'e}cialit{\'e}},
  author={Roche, Christophe},
  year={2012}
}

@book{goosse2016bon,
  title={Le bon usage},
  author={Goosse, Andr{\'e} and Grevisse, Maurice},
  year={2016},
  publisher={De Boeck Superieur}
}

@book{agirre2007word,
  title={Word sense disambiguation: Algorithms and applications},
  author={Agirre, Eneko and Edmonds, Philip},
  volume={33},
  year={2007},
  publisher={Springer Science \& Business Media}
}


@article{voutilainen2003part,
  title={Part-of-speech tagging},
  author={Voutilainen, Atro},
  journal={The Oxford handbook of computational linguistics},
  pages={219--232},
  year={2003},
  publisher={University Press, Oxford}
}

@book{merzeau2015wikipedia,
  title={Wikip{\'e}dia, objet scientifique non identifi{\'e}},
  author={Merzeau, Louise and Schafer, Val{\'e}rie and Barbe, Lionel and others},
  year={2015},
  publisher={Presses universitaires de Paris Nanterre}
}

@book{simmons1972semantic,
  title={Semantic networks: Their computation and use for understanding English sentences},
  author={Simmons, Robert F and others},
  year={1972},
  publisher={Department of Computer Sciences and Computer-Assisted Instruction Laboratory~…}
}

@inproceedings{miller1993semantic,
  title={A semantic concordance},
  author={Miller, George A and Leacock, Claudia and Tengi, Randee and Bunker, Ross T},
  booktitle={HUMAN LANGUAGE TECHNOLOGY: Proceedings of a Workshop Held at Plainsboro, New Jersey, March 21-24, 1993},
  year={1993}
}

@COMMENT ------------ Statistiques / Coefficient Gini ------------

@article{gini1921measurement,
  title={Measurement of inequality of incomes},
  author={Gini, Corrado},
  journal={The economic journal},
  volume={31},
  number={121},
  pages={124--126},
  year={1921},
  publisher={JSTOR}
}

@misc{coeffginiinsee,
  title={Indice de Gini / Coefficient de Gini},
  author={INSEE},
  publisher={INSEE - Institut national de la statistique et des études économiques},
  howpublished = "\url{https://www.insee.fr/fr/metadonnees/definition/c1551}",
  note = "[En ligne; publication 13/01/2020]"
}

@article{mornet2014decomposition,
  title={La d{\'e}composition de l'indicateur de Gini en sous-groupes},
  author={Mornet, Pauline and Mussard, St{\'e}phane and Seyte, Fran{\c{c}}oise and Terraza, Michel},
  journal={Revue fran{\c{c}}aise d'{\'e}conomie},
  volume={29},
  number={2},
  pages={179--243},
  year={2014},
  publisher={Revue fran{\c{c}}aise d’{\'e}conomie}
}

@article{mussard2006decomposition,
  title={La d{\'e}composition de l’indicateur de Gini en sous-groupes: une revue de la litt{\'e}rature},
  author={Mussard, St{\'e}phane and Seyte, Fran{\c{c}}oise and Terraza, Michel},
  journal={Cahier de recherche/Working Paper},
  volume={6},
  pages={11},
  year={2006}
}

@book{kendall1963advanced,
  title={The advanced theory of statistics. Vol. 1: Distribution theory},
  author={Kendall, Maurice G and Stuart, Alan},
  year={1963},
  publisher={Charles Griffin \& Company}
}

@article{pyatt1976interpretation,
  title={On the interpretation and disaggregation of Gini coefficients},
  author={Pyatt, Graham},
  journal={The Economic Journal},
  volume={86},
  number={342},
  pages={243--255},
  year={1976},
  publisher={JSTOR}
}

@article{mookherjee1982decomposition,
  title={A decomposition analysis of the trend in UK income inequality},
  author={Mookherjee, Dilip and Shorrocks, Anthony},
  journal={The Economic Journal},
  volume={92},
  number={368},
  pages={886--902},
  year={1982},
  publisher={JSTOR}
}


@COMMENT ------------ Clustering / Regroupement ------------

@article{jain1999data,
  title={Data clustering: a review},
  author={Jain, Anil K and Murty, M Narasimha and Flynn, Patrick J},
  journal={ACM computing surveys (CSUR)},
  volume={31},
  number={3},
  pages={264--323},
  year={1999},
  publisher={Acm New York, NY, USA}
}

@book{xu2008clustering,
  title={Clustering},
  author={Xu, Rui and Wunsch, Don},
  volume={10},
  year={2008},
  publisher={John Wiley \& Sons}
}

@book{everitt2011cluster,
  title={Cluster analysis},
  author={Everitt, Brian and Landau, Sabine and Leese, Morven and Stahl, Daniel},
  year={2011},
  publisher={Wiley},
  edition = {5th},
  isbn = {978-0-470-74991-3}
}

@incollection{rokach2005clustering,
  title={Clustering methods},
  author={Rokach, Lior and Maimon, Oded},
  booktitle={Data mining and knowledge discovery handbook},
  pages={321--352},
  year={2005},
  publisher={Springer}
}

@phdthesis{diday1984representation,
  title={Une repr{\'e}sentation visuelle des classes empi{\'e}tantes: les pyramides},
  author={Diday, Edwin},
  year={1984},
  school={INRIA}
}

@book{saporta2006probabilites,
  title={Probabilit{\'e}s, analyse des donn{\'e}es et statistique},
  author={Saporta, Gilbert},
  year={2006},
  publisher={Editions Technip}
}

@article{veyssieres1998identification,
  title={Identification of vegetation state and transition domains in California’s hardwood rangelands},
  author={Veyssieres, MP and Plant, Richard E},
  journal={University of California},
  volume={101},
  year={1998}
}

@inproceedings{estivill2000fast,
  title={Fast and robust general purpose clustering algorithms},
  author={Estivill-Castro, Vladimir and Yang, Jianhua},
  booktitle={Pacific Rim International Conference on Artificial Intelligence},
  pages={208--218},
  year={2000},
  organization={Springer}
}

@article{cormack1971review,
  title={A review of classification},
  author={Cormack, Richard M},
  journal={Journal of the Royal Statistical Society: Series A (General)},
  volume={134},
  number={3},
  pages={321--353},
  year={1971},
  publisher={Wiley Online Library}
}

@book{gordon1999classification,
  title={Classification},
  author={Gordon, ADSE},
  year={1999},
  publisher={Chapman and Hall/CRC}
}

@article{fraley1998many,
  title={How many clusters? Which clustering method? Answers via model-based cluster analysis},
  author={Fraley, Chris and Raftery, Adrian E},
  journal={The computer journal},
  volume={41},
  number={8},
  pages={578--588},
  year={1998},
  publisher={Oxford University Press}
}

@misc{rakotomalala2020pratique,
  title={Pratique des M{\'e}thodes Factorielles avec Python},
  author={Rakotomalala, Ricco},
  year={2020},
  howpublished = "\url{http://eric.univ-lyon2.fr/~ricco/cours/cours/Pratique_Methodes_Factorielles.pdf}",
  note = "p.208-209 [En Ligne; accès Novembre 2020]"
}

@inproceedings{macqueen1967some,
  title={Some methods for classification and analysis of multivariate observations},
  author={MacQueen, James and others},
  booktitle={Proceedings of the fifth Berkeley symposium on mathematical statistics and probability},
  volume={1},
  pages={281--297},
  year={1967},
  organization={Oakland, CA, USA}
}

@article{forgy1965cluster,
  title={Cluster analysis of multivariate data: efficiency versus interpretability of classifications},
  author={Forgy, Edward W},
  journal={biometrics},
  volume={21},
  pages={768--769},
  year={1965}
}

@techreport{arthur2006k,
  title={k-means++: The advantages of careful seeding},
  author={Arthur, David and Vassilvitskii, Sergei},
  year={2006},
  institution={Stanford}
}

@inproceedings{cleuziou2008extended,
  title={An extended version of the k-means method for overlapping clustering},
  author={Cleuziou, Guillaume},
  booktitle={2008 19th International Conference on Pattern Recognition},
  pages={1--4},
  year={2008},
  organization={IEEE}
}

@article{rousseeuw1987silhouettes,
title = "Silhouettes: A graphical aid to the interpretation and validation of cluster analysis",
journal = "Journal of Computational and Applied Mathematics",
volume = "20",
pages = "53 - 65",
year = "1987",
issn = "0377-0427",
doi = "https://doi.org/10.1016/0377-0427(87)90125-7",
url = "http://www.sciencedirect.com/science/article/pii/0377042787901257",
author = "Peter J. Rousseeuw",
keywords = "Graphical display, cluster analysis, clustering validity, classification",
abstract = "A new graphical display is proposed for partitioning techniques. Each cluster is represented by a so-called silhouette, which is based on the comparison of its tightness and separation. This silhouette shows which objects lie well within their cluster, and which ones are merely somewhere in between clusters. The entire clustering is displayed by combining the silhouettes into a single plot, allowing an appreciation of the relative quality of the clusters and an overview of the data configuration. The average silhouette width provides an evaluation of clustering validity, and might be used to select an ‘appropriate’ number of clusters."
}

@article{kodinariya2013review,
  title={Review on determining number of Cluster in K-Means Clustering},
  author={Kodinariya, Trupti M and Makwana, Prashant R},
  journal={International Journal},
  volume={1},
  number={6},
  pages={90--95},
  year={2013}
}

@book{kruskal1978multidimensional,
  title={Multidimensional scaling},
  author={Kruskal, Joseph B},
  series={Quantitative Applications in the Social Sciences},
  number={11},
  year={1978},
  publisher={Sage}
}

@book{young1983multidimensional,
  title={Multidimensional scaling},
  author={Young, Forrest W and Harris, David F},
  year={1983},
  publisher={LL Thurstone Psychometric Laboratory, University of North Carolina}
}

@article{kruskal1964multidimensional,
  title={Multidimensional scaling by optimizing goodness of fit to a nonmetric hypothesis},
  author={Kruskal, Joseph B},
  journal={Psychometrika},
  volume={29},
  number={1},
  pages={1--27},
  year={1964},
  publisher={Springer}
}

@article{wagenaar1971quantitative,
  title={Quantitative interpretation of stress in Kruskal's multidimensional scaling technique},
  author={Wagenaar, WA and Padmos, Peter},
  journal={British Journal of Mathematical and Statistical Psychology},
  volume={24},
  number={1},
  pages={101--110},
  year={1971},
  publisher={Wiley Online Library}
}


@inproceedings{ester1996density,
  title={A density-based algorithm for discovering clusters in large spatial databases with noise.},
  author={Ester, Martin and Kriegel, Hans-Peter and Sander, J{\"o}rg and Xu, Xiaowei and others},
  booktitle={KDD},
  pages={226--231},
  year={1996},
  publisher = {AAAI Press},
  location = {Portland, Oregon},
  series = {KDD'96}
}

@article{schubert2017dbscan,
  title={DBSCAN revisited, revisited: why and how you should (still) use DBSCAN},
  author={Schubert, Erich and Sander, J{\"o}rg and Ester, Martin and Kriegel, Hans Peter and Xu, Xiaowei},
  journal={ACM Transactions on Database Systems (TODS)},
  volume={42},
  number={3},
  pages={1--21},
  year={2017},
  publisher={ACM New York, NY, USA}
}

@article{sander1998density,
  title={Density-based clustering in spatial databases: The algorithm gdbscan and its applications},
  author={Sander, J{\"o}rg and Ester, Martin and Kriegel, Hans-Peter and Xu, Xiaowei},
  journal={Data mining and knowledge discovery},
  volume={2},
  number={2},
  pages={169--194},
  year={1998},
  publisher={Springer}
}

@inproceedings{campello2013density,
  title={Density-based clustering based on hierarchical density estimates},
  author={Campello, Ricardo JGB and Moulavi, Davoud and Sander, J{\"o}rg},
  booktitle={Pacific-Asia conference on knowledge discovery and data mining},
  pages={160--172},
  year={2013},
  organization={Springer}
}


@article{ankerst1999optics,
  title={OPTICS: ordering points to identify the clustering structure},
  author={Ankerst, Mihael and Breunig, Markus M and Kriegel, Hans-Peter and Sander, J{\"o}rg},
  journal={ACM Sigmod record},
  volume={28},
  number={2},
  pages={49--60},
  year={1999},
  publisher={ACM New York, NY, USA}
}


@COMMENT ------------ GRAPHES ------------

@inproceedings{bastian2009gephi,
  title={Gephi: an open source software for exploring and manipulating networks},
  author={Bastian, Mathieu and Heymann, Sebastien and Jacomy, Mathieu},
  booktitle={Third international AAAI conference on weblogs and social media},
  year={2009}
}


@article{venturini2021we,
  title={What do we see when we look at networks: Visual network analysis, relational ambiguity, and force-directed layouts},
  author={Venturini, Tommaso and Jacomy, Mathieu and Jensen, Pablo},
  journal={Big Data \& Society},
  volume={8},
  number={1},
  pages={20539517211018488},
  year={2021},
  publisher={SAGE Publications Sage UK: London, England}
}

@article{jacomy2014forceatlas2,
  title={ForceAtlas2, a continuous graph layout algorithm for handy network visualization designed for the Gephi software},
  author={Jacomy, Mathieu and Venturini, Tommaso and Heymann, Sebastien and Bastian, Mathieu},
  journal={PloS one},
  volume={9},
  number={6},
  pages={e98679},
  year={2014},
  publisher={Public Library of Science San Francisco, USA}
}

@misc{gephi2011tutoriallayout,
  author = {Gephi.org},
  institution = {Gephi.org},
  month = jun,
  organization = {Gephi.org},
  timestamp = {2021-11-14T15:30:00.000+0200},
  title = {{Gephi - Tutorial Layout}},
  url = {https://gephi.org/users/tutorial-layouts/},
  year = 2011
}

@misc{gephi2016spatialisationFR,
  author = {Gephi.org},
  institution = {Gephi.org},
  organization = {Gephi.org},
  timestamp = {2021-11-14T15:30:00.000+0200},
  title = {{Gephi - Spatialisation (FR)}},
  url = {https://github.com/gephi/gephi/wiki/Spatialisations-%28FR%29},
  year = 2016
}


@COMMENT --------------------------------------- Python - SciPy, scikit-learn, ...

@article{scikit-learn,
 title={Scikit-learn: Machine Learning in {P}ython},
 author={Pedregosa, F. and Varoquaux, G. and Gramfort, A. and Michel, V.
         and Thirion, B. and Grisel, O. and Blondel, M. and Prettenhofer, P.
         and Weiss, R. and Dubourg, V. and Vanderplas, J. and Passos, A. and
         Cournapeau, D. and Brucher, M. and Perrot, M. and Duchesnay, E.},
 journal={Journal of Machine Learning Research},
 volume={12},
 pages={2825--2830},
 year={2011}
}

@article{2020SciPy-NMeth,
  author  = {Virtanen, Pauli and Gommers, Ralf and Oliphant, Travis E. and
            Haberland, Matt and Reddy, Tyler and Cournapeau, David and
            Burovski, Evgeni and Peterson, Pearu and Weckesser, Warren and
            Bright, Jonathan and {van der Walt}, St{\'e}fan J. and
            Brett, Matthew and Wilson, Joshua and Millman, K. Jarrod and
            Mayorov, Nikolay and Nelson, Andrew R. J. and Jones, Eric and
            Kern, Robert and Larson, Eric and Carey, C J and
            Polat, {\.I}lhan and Feng, Yu and Moore, Eric W. and
            {VanderPlas}, Jake and Laxalde, Denis and Perktold, Josef and
            Cimrman, Robert and Henriksen, Ian and Quintero, E. A. and
            Harris, Charles R. and Archibald, Anne M. and
            Ribeiro, Ant{\^o}nio H. and Pedregosa, Fabian and
            {van Mulbregt}, Paul and {SciPy 1.0 Contributors}},
  title   = {{{SciPy} 1.0: Fundamental Algorithms for Scientific
            Computing in Python}},
  journal = {Nature Methods},
  year    = {2020},
  volume  = {17},
  pages   = {261--272},
  adsurl  = {https://rdcu.be/b08Wh},
  doi     = {10.1038/s41592-019-0686-2},
}


@COMMENT --------------------------------------- AUTRES DOMAINE

@mastersthesis{brosset:dumas-01376071,
  TITLE = {{Google Livres et la num{\'e}risation : quels impacts pour les biblioth{\`e}ques num{\'e}riques ?}},
  AUTHOR = {Brosset, Laurent},
  school={Université Grenoble Alpes},
  URL = {https://dumas.ccsd.cnrs.fr/dumas-01376071},
  PAGES = {99},
  YEAR = {2016},
  MONTH = Jun,
  KEYWORDS = {Digital library ; Patrimony ;  Book ; Digitalization ;  Google ; Digital mediation ;  Gallica ; M{\'e}diation num{\'e}rique ; Gallica ; Biblioth{\`e}que num{\'e}rique ; Patrimoine ; Livre ; Num{\'e}risation ; Google},
  PDF = {https://dumas.ccsd.cnrs.fr/dumas-01376071/file/Brosset%20Laurent.pdf},
  HAL_ID = {dumas-01376071},
  HAL_VERSION = {v1},
}


@article{fowler2001agile,
  title={The agile manifesto},
  author={Fowler, Martin and Highsmith, Jim and others},
  journal={Software Development},
  volume={9},
  number={8},
  pages={28--35},
  year={2001},
  publisher={[San Francisco, CA: Miller Freeman, Inc., 1993-}
}


@book{delort2018big,
  title={Le Big Data:{\guillemotleft}Que sais-je?{\guillemotright} n° 4027},
  author={Delort, Pierre},
  year={2018},
  publisher={Que sais-je}
}


@inproceedings{fallery2007quatre,
  title={Quatre approches pour l'analyse de donn{\'e}es textuelles: lexicale, linguistique, cognitive, th{\'e}matique.},
  author={Fallery, Bernard and Rodhain, Florence},
  booktitle={XVI {\`e}me Conf{\'e}rence de l'Association Internationale de Management Strat{\'e}gique AIMS},
  pages={pp--1},
  year={2007},
  organization={AIMS}
}

@article{boufaden2002decoupage,
  title={D{\'e}coupage th{\'e}matique des conversations: un outil d’aide {\`a} l’extraction},
  author={Boufaden, Narj{\`e}s and Lapalme, Guy and Bengio, Yoshua},
  journal={TALN 2002},
  year={2002}
}


@article{rand1971objective,
  title={Objective criteria for the evaluation of clustering methods},
  author={Rand, William M},
  journal={Journal of the American Statistical association},
  volume={66},
  number={336},
  pages={846--850},
  year={1971},
  publisher={Taylor \& Francis}
}

@article{hubert1985comparing,
  title={Comparing partitions},
  author={Hubert, Lawrence and Arabie, Phipps},
  journal={Journal of classification},
  volume={2},
  number={1},
  pages={193--218},
  year={1985},
  publisher={Springer}
}

@article{steinley2004properties,
  title={Properties of the Hubert-Arable Adjusted Rand Index.},
  author={Steinley, Douglas},
  journal={Psychological methods},
  volume={9},
  number={3},
  pages={386},
  year={2004},
  publisher={American Psychological Association}
}

@inproceedings{saporta2002comparing,
  title={Comparing two partitions: Some proposals and experiments},
  author={Saporta, Gilbert and Youness, Genane},
  booktitle={Compstat},
  pages={243--248},
  year={2002},
  organization={Springer}
}

@phdthesis{quere:tel-00950514,
  TITLE = {{Quelques propositions pour la comparaison de partitions non strictes}},
  AUTHOR = {Qu{\'e}r{\'e}, Romain},
  URL = {https://tel.archives-ouvertes.fr/tel-00950514},
  NUMBER = {2012LAROS382},
  SCHOOL = {{Universit{\'e} de La Rochelle}},
  YEAR = {2012},
  MONTH = Dec,
  KEYWORDS = {Possibilistic partition ; Jaccard index ; Fuzzy partition ; Comparing partitions ; Rand index ; Cluster analysis ; Mismatch matrix ; Contingency matrix ; Coincidence matrix ; Triangular norm ; Comparaison de partitions ; Indice de Rand ; Indice de Jaccard ; Partition floue ; Partition possibiliste ; Contingence-paires ; Matrice de contingence ; Matrice de co{\"i}ncidence ; Norme triangulaire},
  TYPE = {Theses},
  PDF = {https://tel.archives-ouvertes.fr/tel-00950514/file/2012Quere34339.pdf},
  HAL_ID = {tel-00950514},
  HAL_VERSION = {v1},
}



@COMMENT --------------------------------------- TEMPLATES VARIES

@COMMENT BAD ISO
@COMMENT misc{iso14a, Key = {{ISO 14443}}, publisher = {{ISO, Geneva, Switzerland}}, type = {{Norm}}, title = {{Identification cards – Contactless integrated circuit(s) cards – Proximity cards}}, number = {{ISO 14443}}, year = {{2000}}, }

@COMMENT GOOD ISO
@COMMENT techreport{ISO13586, type = {Standard}, key = {ISO 13586:2000(E)}, month = mar, year = {2000}, title = {{Plastics -- Determination of fracture toughness -- Linear elastic fracture mechanics ({LEFM}) approach}}, volume = {2000}, address = {Geneva, CH}, institution = {International Organization for Standardization} }

@COMMENT STANDARD NON ISO
@COMMENT misc{omg2016cmmn,  added-at = {2017-09-08T16:33:18.000+0200},  author = {OMG},  biburl = {https://www.bibsonomy.org/bibtex/284e97562871adda0f5ebeceab514526d/porta},  institution = {Object Management Group},  interhash = {eec9b56fdd5d51ffe09ab73d67bbb023},  intrahash = {84e97562871adda0f5ebeceab514526d},  keywords = {cmmn omg standard},  month = jan,  organization = {Object Management Group},  revision = {1.0},  timestamp = {2017-09-08T16:33:18.000+0200},  title = {{Case Management Model and Notation, Version 1.1}},  url = {http://www.omg.org/spec/CMMN/1.1},  year = 2016}

@COMMENT MEMOIRE DE MASTER
@COMMENT mastersthesis{prohaska2017masterthesis,   title={Categorization and comparison of datasets across Open Data portals},
  author={Prohaska, Georg},  year={2017},  school={Department of Information Systems and Operations, Vienna University of Economics and Business},  address={Welthandelsplatz 1, 1020 Vienna, Austria}}

@COMMENT THESE DE DOCTORAT
@COMMENT phdthesis{abecker2004business,  title={Business-process oriented knowledge management: concepts, methods, and tools},  author={Abecker, Andreas},  year={2004},  school={Karlsruhe Institute of Technology}}

@COMMENT RESSOURCE EXEMPLE 1
@COMMENT misc{gishdefinition,  title={Definition of Strategy Models},  author={Gish, Will},  publisher={Small Business - Chron.com},  howpublished = "\url{https://smallbusiness.chron.com/definition-strategy-models-15431.html}",  note = "[Online; accessed July-2019]" }

@COMMENT RESSOURCE EXEMPLE 2
@COMMENT misc{ross2003manifesto,  title={The Business Rules Manifesto},  author={Ross, Ronald G.},  year={2003},  howpublished = "\url{http://www.businessrulesgroup.org/brmanifesto.htm}",  note = "[Online; accessed May-2019]"}

@COMMENT --------------------------------------- FIN TEMPLATES VARIES
